
@MISC{Canvas,
    author = "Bart Bozon",
    url = {https://canvas.hu.nl/courses/39370}
}

@MISC{Maxon,
    author = "Maxongroup",
    url = {https://www.maxongroup.nl/maxon/view/catalog}
}

